<record><leader>00000cas a22000007a 4500</leader><controlfield tag="001">20346627</controlfield><controlfield tag="008">890915d19081966nyuwr ne      0    0eng d</controlfield><datafield ind1=" " ind2=" " tag="010"><subfield code="a">sn 89071380 </subfield></datafield><datafield ind1=" " ind2=" " tag="040"><subfield code="a">NYG</subfield><subfield code="b">eng</subfield><subfield code="c">NYG</subfield><subfield code="d">NYS</subfield><subfield code="d">OCLCQ</subfield></datafield><datafield ind1=" " ind2=" " tag="042"><subfield code="a">msc</subfield></datafield><datafield ind1="0" ind2="4" tag="245"><subfield code="a">The Waverly sun and Nichols recorder.</subfield></datafield><datafield ind1="1" ind2="7" tag="246"><subfield code="a">Waverly sun-recorder</subfield><subfield code="f">&lt;1939&gt;</subfield></datafield><datafield ind1=" " ind2=" " tag="260"><subfield code="a">Waverly, N.Y. :</subfield><subfield code="b">Genung-Scureman Pub. Co.</subfield></datafield><datafield ind1=" " ind2=" " tag="300"><subfield code="a">v. ;</subfield><subfield code="c">60 cm.</subfield></datafield><datafield ind1=" " ind2=" " tag="310"><subfield code="a">Weekly</subfield></datafield><datafield ind1="1" ind2=" " tag="362"><subfield code="a">Began in 1908?</subfield></datafield><datafield ind1="0" ind2=" " tag="362"><subfield code="a">-v. 59, no. 18 (May 1, 1966).</subfield></datafield><datafield ind1=" " ind2=" " tag="500"><subfield code="a">Publishers: Genung-Scureman Pub. Co., &lt;1911-1912&gt;; Drisco Estate, &lt;1915-1923&gt;; McEwen Press, Inc., &lt;1931&gt;; Waverly Sun, Inc., &lt;1944&gt;-1966.</subfield></datafield><datafield ind1=" " ind2=" " tag="588"><subfield code="a">Description based on: Vol. 4, no. 1 (Feb. 10, 1911).</subfield></datafield><datafield ind1=" " ind2="4" tag="651"><subfield code="a">Waverly (N.Y.)</subfield><subfield code="v">Newspapers.</subfield></datafield><datafield ind1=" " ind2="4" tag="651"><subfield code="a">Nichols (N.Y.)</subfield><subfield code="v">Newspapers.</subfield></datafield><datafield ind1=" " ind2=" " tag="752"><subfield code="a">United States</subfield><subfield code="b">New York</subfield><subfield code="c">Tioga</subfield><subfield code="d">Waverly.</subfield></datafield><datafield ind1=" " ind2=" " tag="752"><subfield code="a">United States</subfield><subfield code="b">New York</subfield><subfield code="c">Tioga</subfield><subfield code="d">Nichols.</subfield></datafield><datafield ind1="0" ind2="4" tag="780"><subfield code="t">Waverly sun</subfield></datafield><datafield ind1="0" ind2="4" tag="780"><subfield code="t">Nichols recorder</subfield><subfield code="w">(DLC)sn 90066446</subfield><subfield code="w">(OCoLC)21986289</subfield></datafield><datafield ind1="0" ind2="7" tag="785"><subfield code="t">Valley news of Penn-York valley</subfield><subfield code="w">(DLC)sn 89071378</subfield></datafield><datafield ind1="0" ind2="7" tag="785"><subfield code="t">Waverly sun, Nichols recorder, and the valley news</subfield><subfield code="w">(DLC)sn 90066447</subfield><subfield code="w">(OCoLC)21986340</subfield></datafield></record>